[gd_scene load_steps=8 format=2]

[ext_resource path="res://bitfont.tres" type="DynamicFont" id=1]
[ext_resource path="res://Tools/Dialog.gd" type="Script" id=2]
[ext_resource path="res://dialog_line_left.png" type="Texture" id=3]
[ext_resource path="res://dialog_line_right.png" type="Texture" id=4]
[ext_resource path="res://dialog_line_top.png" type="Texture" id=5]

[sub_resource type="Gradient" id=1]
colors = PoolColorArray( 0.301961, 0.301961, 0.301961, 1, 0.301961, 0.301961, 0.301961, 1 )

[sub_resource type="GradientTexture" id=2]
gradient = SubResource( 1 )
width = 360

[node name="Dialog" type="Control"]
anchor_right = 1.0
anchor_bottom = 1.0
script = ExtResource( 2 )
__meta__ = {
"_edit_use_anchors_": false
}
dialog = [ "XDDD" ]

[node name="TextureRect" type="CanvasLayer" parent="."]
layer = 2

[node name="TextureRectX" type="TextureRect" parent="TextureRect"]
anchor_right = 1.0
anchor_bottom = 1.0
margin_left = 5.0
margin_top = 70.0
margin_right = -5.0
margin_bottom = -5.0
texture = SubResource( 2 )
expand = true
__meta__ = {
"_edit_use_anchors_": false
}

[node name="TextureRect2" type="TextureRect" parent="TextureRect"]
margin_left = 5.0
margin_top = 110.0
margin_right = 155.0
margin_bottom = 118.0
texture = ExtResource( 5 )
stretch_mode = 2
__meta__ = {
"_edit_use_anchors_": false
}

[node name="TextureRect5" type="TextureRect" parent="TextureRect"]
margin_left = 5.0
margin_top = 65.0
margin_right = 155.0
margin_bottom = 73.0
texture = ExtResource( 5 )
stretch_mode = 2
__meta__ = {
"_edit_use_anchors_": false
}

[node name="TextureRect3" type="TextureRect" parent="TextureRect"]
margin_left = 2.0
margin_top = 70.0
margin_right = 10.0
margin_bottom = 115.0
texture = ExtResource( 4 )
expand = true
stretch_mode = 2
__meta__ = {
"_edit_use_anchors_": false
}

[node name="TextureRect4" type="TextureRect" parent="TextureRect"]
margin_left = 151.0
margin_top = 70.0
margin_right = 159.0
margin_bottom = 115.0
texture = ExtResource( 4 )
expand = true
stretch_mode = 2
__meta__ = {
"_edit_use_anchors_": false
}

[node name="TextureRect6" type="TextureRect" parent="TextureRect"]
visible = false
margin_left = 150.0
margin_top = 70.0
margin_right = 159.0
margin_bottom = 115.0
texture = ExtResource( 3 )
expand = true
stretch_mode = 2

[node name="RichTextLabel" type="RichTextLabel" parent="TextureRect"]
anchor_right = 1.0
anchor_bottom = 1.0
margin_left = 10.0
margin_top = 73.0
margin_right = -10.0
margin_bottom = -10.0
custom_fonts/normal_font = ExtResource( 1 )
scroll_active = false
__meta__ = {
"_edit_use_anchors_": false
}

[node name="Label" type="Label" parent="TextureRect"]
margin_right = 151.0
margin_bottom = 112.0
custom_fonts/font = ExtResource( 1 )
text = "x"
align = 2
valign = 2
__meta__ = {
"_edit_use_anchors_": false
}

[node name="Tween" type="Tween" parent="."]

[connection signal="tween_completed" from="Tween" to="." method="_on_Tween_tween_completed"]
